<?xml version="1.0" encoding="UTF-8"?>
<marc:collection xmlns:marc="http://www.loc.gov/MARC21/slim" xmlns:xsi="http://www.w3.org/2001/XMLSchema-instance" xsi:schemaLocation="http://www.loc.gov/MARC21/slim http://www.loc.gov/standards/marcxml/schema/MARC21slim.xsd">
   <marc:record type="Bibliographic">
      <marc:leader>01337cam a2200277 a 4500</marc:leader>
      <marc:controlfield tag="001">461976</marc:controlfield>
      <marc:controlfield tag="003">NjP</marc:controlfield>
      <marc:controlfield tag="005">20160828202158.0</marc:controlfield>
      <marc:controlfield tag="008">880817s1987    ir c     bi   00110 ara d</marc:controlfield>
      <marc:datafield tag="024" ind1="7" ind2=" ">
         <marc:subfield code="a">princeton_aco001196</marc:subfield>
         <marc:subfield code="2">local</marc:subfield>
      </marc:datafield>
      <marc:datafield tag="035" ind1=" " ind2=" ">
         <marc:subfield code="a">(OCoLC)19051821</marc:subfield>
      </marc:datafield>
      <marc:datafield tag="035" ind1=" " ind2=" ">
         <marc:subfield code="a">(CStRLIN)NJPG88-B41524</marc:subfield>
      </marc:datafield>
      <marc:datafield tag="035" ind1=" " ind2=" ">
         <marc:subfield code="9">ACD7630TS</marc:subfield>
      </marc:datafield>
      <marc:datafield tag="040" ind1=" " ind2=" ">
         <marc:subfield code="a">NjP</marc:subfield>
         <marc:subfield code="c">NjP</marc:subfield>
      </marc:datafield>
      <marc:datafield tag="041" ind1="0" ind2=" ">
         <marc:subfield code="a">araper</marc:subfield>
      </marc:datafield>
      <marc:datafield tag="100" ind1="1" ind2=" ">
         <marc:subfield code="a">Ibn Bābūyah al-Qummī, ʻAlī ibn ʻUbayd Allāh,</marc:subfield>
         <marc:subfield code="d">1110 or 1111-approximately 1189.</marc:subfield>
         <marc:subfield code="0">(uri)http://id.loc.gov/authorities/names/nr91011701</marc:subfield>
      </marc:datafield>
      <marc:datafield tag="245" ind1="1" ind2="3">
         <marc:subfield code="a">al-Fihrist /</marc:subfield>
         <marc:subfield code="c">li-Muntajab al-Dīn ʻAlī ibn Bābūyah al-Rāzī ; taḥqīq va muqaddamah az Jalāl al-Dīn Muḥaddis̲ Urmavī ; bi-kūshish-i Muḥammad Samāmī Ḥāʼirī ; zīr-i naẓar-i Maḥmūd Marʻashī.</marc:subfield>
      </marc:datafield>
      <marc:datafield tag="260" ind1=" " ind2=" ">
         <marc:subfield code="a">Qum :</marc:subfield>
         <marc:subfield code="b">Kitābkhānah-i ʻUmūmī-i Āyat Allāh al-ʻUẓmá Marʻashī Najafī,</marc:subfield>
         <marc:subfield code="c">1366 [1987]</marc:subfield>
      </marc:datafield>
      <marc:datafield tag="300" ind1=" " ind2=" ">
         <marc:subfield code="a">16, 570 p. :</marc:subfield>
         <marc:subfield code="b">port. ;</marc:subfield>
         <marc:subfield code="c">25 cm.</marc:subfield>
      </marc:datafield>
      <marc:datafield tag="500" ind1=" " ind2=" ">
         <marc:subfield code="a">Text in Arabic; introd. and notes in Persian.</marc:subfield>
      </marc:datafield>
      <marc:datafield tag="504" ind1=" " ind2=" ">
         <marc:subfield code="a">Includes bibliographical references and indexes.</marc:subfield>
      </marc:datafield>
      <marc:datafield tag="650" ind1=" " ind2="0">
         <marc:subfield code="a">Shiites</marc:subfield>
         <marc:subfield code="x">History</marc:subfield>
         <marc:subfield code="x">Indexes</marc:subfield>
         <marc:subfield code="x">Early works to 1800.</marc:subfield>
      </marc:datafield>
      <marc:datafield tag="700" ind1="1" ind2=" ">
         <marc:subfield code="a">Muḥaddis̲, Jalāl al-Dīn Ḥusaynī.</marc:subfield>
      </marc:datafield>
      <marc:datafield tag="700" ind1="2" ind2=" ">
         <marc:subfield code="a">Samāmī Ḥāʼirī, Muḥammad.</marc:subfield>
      </marc:datafield>
      <marc:datafield tag="700" ind1="1" ind2=" ">
         <marc:subfield code="a">Marʻashī, Maḥmūd.</marc:subfield>
      </marc:datafield>
      <marc:datafield tag="998" ind1=" " ind2=" ">
         <marc:subfield code="a">04/12/91</marc:subfield>
         <marc:subfield code="s">9114</marc:subfield>
         <marc:subfield code="n">NjP</marc:subfield>
         <marc:subfield code="w">NJPG88B41524</marc:subfield>
         <marc:subfield code="d">08/17/88</marc:subfield>
         <marc:subfield code="c">KE</marc:subfield>
         <marc:subfield code="b">OLP</marc:subfield>
         <marc:subfield code="i">910412</marc:subfield>
         <marc:subfield code="l">NJPG</marc:subfield>
      </marc:datafield>
      <marc:datafield tag="911" ind1=" " ind2=" ">
         <marc:subfield code="a">19921028</marc:subfield>
      </marc:datafield>
      <marc:datafield tag="912" ind1=" " ind2=" ">
         <marc:subfield code="a">19910412000000.0</marc:subfield>
      </marc:datafield>
   </marc:record>
</marc:collection>
